@book{TheBook,
 author = {Dorst, Leo and Fontijne, Daniel and Mann, Stephen},
 title = {Geometric Algebra for Computer Science: An Object-Oriented Approach to Geometry (The Morgan Kaufmann Series in Computer Graphics)},
 year = {2007},
 isbn = {0123694655},
 publisher = {Morgan Kaufmann Publishers Inc.},
 address = {San Francisco, CA, USA},
} 

@manual{GAViewer,
 author = {Fontijne, Daniel},
 title = {GAViewer Documentation: Version 0.84},
 organization = {University of Amsterdam},
 month = {March},
 year = {2010},
 url = {http://geometricalgebra.net/downloads/gaviewer.pdf},
}

@incollection{Hongbo,
   author = {Li, Hongbo and Zhang, Lixian},
   affiliation = {Key Laboratory of Mathematics Mechanization, Academy of Mathematics and Systems Science, Chinese Academy of Sciences, Beijing, 100190 P.R. China},
   title = {Line Geometry in Terms of the Null Geometric Algebra over $\mathbb{R}^{3,3}$, and Application to the Inverse Singularity Analysis of Generalized Stewart Platforms},
   booktitle = {Guide to Geometric Algebra in Practice},
   editor = {Dorst, Leo and Lasenby, Joan},
   publisher = {Springer London},
   isbn = {978-0-85729-811-9},
   keyword = {Computer Science},
   pages = {253-272},
   url = {http://dx.doi.org/10.1007/978-0-85729-811-9_13},
   year = {2011}
}
